<record><leader>00000cas a22000007a 4500</leader><controlfield tag="001">48769458</controlfield><controlfield tag="008">020111c19uu9999vauwr n       0   a0eng c</controlfield><datafield ind1=" " ind2=" " tag="010"><subfield code="a">  2002211332</subfield></datafield><datafield ind1=" " ind2=" " tag="040"><subfield code="a">NSD</subfield><subfield code="b">eng</subfield><subfield code="c">NSD</subfield><subfield code="d">OCLCQ</subfield></datafield><datafield ind1=" " ind2=" " tag="012"><subfield code="m">0</subfield></datafield><datafield ind1="1" ind2=" " tag="022"><subfield code="a">1538-3903</subfield><subfield code="l">1538-3903</subfield><subfield code="2">1</subfield></datafield><datafield ind1=" " ind2=" " tag="042"><subfield code="a">nsdp</subfield><subfield code="a">pcc</subfield></datafield><datafield ind1=" " ind2="0" tag="222"><subfield code="a">Stafford County sun</subfield></datafield><datafield ind1="0" ind2="0" tag="245"><subfield code="a">Stafford County sun.</subfield></datafield><datafield ind1="1" ind2="3" tag="246"><subfield code="a">Sun</subfield></datafield><datafield ind1=" " ind2=" " tag="260"><subfield code="a">Stafford, Va. :</subfield><subfield code="b">Media General</subfield></datafield><datafield ind1=" " ind2=" " tag="300"><subfield code="a">v.</subfield></datafield><datafield ind1=" " ind2=" " tag="310"><subfield code="a">Weekly</subfield></datafield><datafield ind1=" " ind2=" " tag="588"><subfield code="a">Description based on surrogate of: Vol. 14, issue 40 (May 18, 2001).</subfield></datafield><datafield ind1=" " ind2=" " tag="752"><subfield code="a">United States</subfield><subfield code="b">Virginia</subfield><subfield code="c">Stafford County.</subfield></datafield><datafield ind1="1" ind2=" " tag="029"><subfield code="a">AU@</subfield><subfield code="b">000023307180</subfield></datafield></record>